@online{Dorina2017,
author = {Funda{\c{c}}{\~a}o Dorina},
title = {O que {\'e} defici{\^e}ncia},
year = {2017},
url = {https://www.fundacaodorina.org.br/a-fundacao/deficiencia-visual/o-que-e-deficiencia/},
urldate = {11.10.2017}
}
@manual{Upton2017,
author = {Upton, E. and Halfacree, G.},
title = {Raspberry Pi -- Manual do Usu{\'a}rio},
year = {2017},
publisher = {Novatec Editora},
isbn = {9788575226094},
url = {https://books.google.com.br/books?id=xD41DwAAQBAJ}
}
@online{PortalSaude2014,
author = {Portal Sa{\'u}de},
title = {},
year = {2014},
url = {http://portalsaude.saude.gov.br/index.php/o-ministerio/principal/secretarias/509-sas-raiz/dapes/saude-da-pessoa-com-deficiencia/l2-saude-da-pessoa-com-deficiencia/10250-comite-de-ajudas-tecnicas},
organization = {SUS},
date = {11},
month = {3},
urldate = {11.10.2017}
}
@online{CCM2017,
author = {CCM},
title = {Formatos e extens{\~o}es de arquivos - Tipo MIME},
year = {2017},
url = {http://br.ccm.net/contents/649-formatos-e-extensoes-de-arquivos-tipo-mime},
urldate = {16.10.2017}
}
@online{CarneiroMaio,
author = {CARNEIRO, Conrado},
title = {Beacon: o que {\'e} e quais suas utiliza{\c{c}}{\~o}es mais inusitadas},
year = {2016},
url = {http://usemobile.com.br/conheca-beacon/},
organization = {Use Mobile},
month = {5},
urldate = {16.10.2017}
}
@online{CarneiroOutubro,
author = {CARNEIRO, Conrado},
title = {iBeacon – Tudo que voc{\^e} precisa saber},
year = {2016},
url = {http://ibeacon.blog.br/ibeacon-guia-completo/},
organization = {iBeacon Blog},
date = {10},
month = {10},
urldate = {11.10.2017}
}
@online{Finzi2016,
author = {Eduardo Finzi},
title = {O que {\'e} Push Notification},
year = {2016},
url = {http://blog.cedrotech.com/o-que-e-push-notification/},
organization = {Cedro Technologies},
date = {15},
month = {10},
urldate = {29.2.2016},
}
@online{Saes2014,
author = {SAES, Bruno},
title = {O que s{\~a}o Beacons e como eles mudar{\~a}o a sua rotina?},
year = {2014},
url = {http://www.impacta.com.br/blog/2014/12/09/o-que-sao-beacons-como-mudarao-rotina/},
organization = {Impacta},
date = {9},
month = {12},
urldate = {10.10.2017}
}
@online{Firebase,
author = {Google Developers},
title = {Firebase Realtime Database},
year = {2017},
url = {https://firebase.google.com/docs/database/?hl=pt-br},
date = {26},
month = {9},
urldate = {10.10.2017}
}
@online{Bluetooth2006,
author = {Jinan Huamao},
title = {Bluetooth},
year = {2006},
url = {http://www.jnhuamao.cn/bluetooth.asp},
urldate = {9.10.2017}
}
@online{Android,
author = {Viva o Android},
title = {O QUE {\'E} ANDROID},
year = {2017},
url = {https://www.vivaoandroid.com.br/android/}
}
@article{mcroberts2011,
  title={Arduino b{\'a}sico},
  author={McRoberts, Michael},
  journal={S{\~a}o Paulo: Novatec},
  year={2011}
}
@article{sousa2017extraccao,
  title={Extra{\c{c}}{\~a}o e an{\'a}lise de mem{\'o}ria vol{\'a}til em ambientes android: uma abordagem voltada {\`a} reconstru{\c{c}}{\~a}o de trajet{\'o}rias},
  author={Sousa, Jo{\~a}o Paulo Claudino de},
  year={2017}
}
@misc{martin2016clean,
  title={Clean Architecture},
  author={Martin, Robert C},
  year={2016},
  publisher={Prentice Hall}
}
@online{Piekarski2016,
author = {PIEKARSKI, Wayne},
title = {Announcing updates to Google’s Internet of Things platform: Android Things and Weave},
year = {2016},
url = {https://android-developers.googleblog.com/2016/12/announcing-googles-new-internet-of-things-platform-with-weave-and-android-things.html},
organization = {Android Developers},
}
@online{Avram2017,
author = {AVRAM, Abel traduzido por MALARA, Rodrigo},
title = {Kotlin agora {\'e} uma linguagem oficial no Android},
year = {2017},
url = {https://www.infoq.com/br/news/2017/06/android-kotlin},
organization = {InfoQ},
date = {3},
month = {6}
}
@online{Kewerson2017,
author = {KEWERSON, Hugo},
title = {Por que Kotlin foi criado?},
year = {2017},
url = {http://blog.triadworks.com.br/por-que-o-kotlin-existe},
organization = {TriadWorks},
date = {27},
month = {6}
}
@online{w3schools2017,
author = {W3Schools},
title = {HTML Event Attributes},
year = {2017},
url = {https://www.w3schools.com/tags/ref_eventattributes.asp}
}
@online{tableless2017,
author = {Tableless},
title = {O que {\'e} JavaScript?},
year = {2017},
url = {http://tableless.github.io/iniciantes/manual/js/},
organization = {GitHub}
}
@book{Almeida2016,
author = {ALMEIDA, Flávio},
title = {MEAN - Full stack JavaScript para aplicações web com MongoDB, Express, Angular e Node},
year = {2016},
editor = {Casa do Código},
isbn = {9788555190469}
}
@online{Node2016,
author = {NodeBR},
title = {O que {\'e} Node.js},
year = {2016},
url = {http://nodebr.com/o-que-e-node-js/},
}
@online{Gomes2009,
author = {GOMES, André Faria apud TIKOV, Stefan},
title = {Uma r{\'a}pida introdução ao REST},
year = {2009},
url = {https://www.infoq.com/br/articles/rest-introduction},
organization = {InfoQueue},
date = {29},
month = {10},
urldate = {1.10.2017},
}
@online{Git2016,
author = {Git},
title = {Primeiros passos sobre controle de vers{\~a}o},
year = {2016},
url = {https://git-scm.com/book/pt-br/v1/Primeiros-passos-Sobre-Controle-de-Vers\%C3\%A3o},
urldate = {12.10.2017},
}
@online{Schmitz2015,
author = {SCHMITZ, Daniel},
title = {Tudo que você queria saber sobre Git e GitHub, mas tinha vergonha de perguntar},
year = {2015},
url = {https://tableless.com.br/tudo-que-voce-queria-saber-sobre-git-e-github-mas-tinha-vergonha-de-perguntar/},
date = {7},
month = {10},
urldate = {12.10.2017}
}
@manual{Bluetooth,
author = {iTeadStudio},
title = {HM Bluetooth module datasheet},
year = {},
url = {ftp://imall.iteadstudio.com/Modules/IM130614001_Serial_Port_BLE_Module_Master_Slave_HM-10/DS_IM130614001_Serial_Port_BLE_Module_Master_Slave_HM-10.pdf}
}
@online{Meirelles2016,
author = {MEIRELLES, Fernando S.},
title = {Pesquisa Anual do uso de TI-2016},
year = {2016},
url = {http://eaesp.fgvsp.br/sites/eaesp.fgvsp.br/files/pesti2016gvciappt.pdf},
urldate = {22.5.2017}
}
@online{Bazani2016,
author = {BAZANI, Adamo},
title = {Sistema de transportes municipais de Santo André é incluído no Moovit},
year = {2016},
url = {https://diariodotransporte.com.br/2016/04/23/sistema-de-transportes-municipais-de-santo-andre-e-incluido-no-moovit/},
date = {23},
month = {4},
urldate = {4.5.2017}
}
@online{Gomes2015,
author = {GOMES, Helton Simões},
title = {Moovit avisa em que parada usuário de transporte público deve descer},
year = {2015},
url = {http://g1.globo.com/tecnologia/tem-um-aplicativo/noticia/2015/04/moovit-avisa-em-que-parada-usuario-de-transporte-publico-deve-descer.html},
}



